@misc{Arp, title={Atlas of Peculiar Galaxies}, url={https://ned.ipac.caltech.edu/level5/Arp/Arp17.html}, journal={N/A}, publisher={the California Institute of Technology}, author={Arp, Halton}, year={1966}} 

@misc{smaug, title={Simulating Multiscale Astrophysics to Understand Galaxies}, url={https://www.simonsfoundation.org/flatiron/center-for-computational-astrophysics/galaxy-formation/smaug/}, journal={N/A}, publisher={Simons Foundation}, author={N/A}, year={2020}}
 
@misc{nbod, title={N-body simulations of interacting galaxies}, url={http://bjerkeli.se/onewebmedia/thesis.pdf}, journal={N/A}, author={Bjerkeli, Per}, year={2007}}

@article{das, title={Galaxy interactions in different environments: An analysis of galaxy pairs from the SDSS}, url={https://arxiv.org/abs/2108.05874}, DOI={10.48550/arXiv.2108.05874}, journal={arXiv.org}, author={Das, Apashanka and Pandey, Biswajit and Sarkar, Suman and Dutta, Arunima}, year={2021} }

‌@article{goulding, title={Galaxy interactions trigger rapid black hole growth: An unprecedented view from the Hyper Suprime-Cam survey}, volume={70}, url={https://academic.oup.com/pasj/article/70/SP1/S37/4774316}, DOI={10.1093/pasj/psx135}, number={SP1}, journal={Publications of the Astronomical Society of Japan}, author={Goulding, Andy D and Greene, Jenny E and Bezanson, Rachel and Greco, Johnny and Johnson, Sean and Leauthaud, Alexie and Matsuoka, Yoshiki and Medezinski, Elinor and Price-Whelan, Adrian M}, year={2017}, month={Dec} }

‌