
 @misc{neumann, title={Double Pendulum }, url={https://www.myphysicslab.com/pendulum/double-pendulum-en.html}, journal={N/A}, publisher={N/A}, author={Neumann, Erik}, year={2004-2016}} 


 @book{acheson_1998, place={Oxford, New York}, title={From Calculus to Chaos: An Introductions to Dynamics}, publisher={Oxford University Press}, author={Acheson, David}, year={1998}} 
 
 @article{low, title={Low-cost double pendulum for high-quality data collection with open-source video tracking and analysis}, volume={8}, DOI={https://doi.org/10.1016/j.ohx.2020.e00138}, journal={HardwareX}, author={Myers, Audun D. and Tempelman, Joshua R. and Petrushenko, David and Khasawneh, Firas A.}, year={2020}, month={Sep}} 