

 @misc{cornish_1998, title={The Lagrange Points}, url={https://map.gsfc.nasa.gov/ContentMedia/lagrange.pdf}, journal={NASA}, publisher={WMAP Education and Outreach}, author={Cornish, Neil J}, year={1998}} 

 @misc{westra, title={Lagrangian Points }, url={https://www.mat.univie.ac.at/~westra/lagrangepoints.pdf}, journal={University of Vienna}, publisher={University of Vienna}, author={Westra, Dennis}, year={2017}} 

@unknown{unknown,
author = {Krishnaswami, Govind and Senapati, Himalaya},
year = {2019},
month = {01},
pages = {},
title = {An Introduction to the Classical Three-Body Problem: From Periodic Solutions to Instabilities and Chaos},
volume = {24},
journal = {Resonance},
doi = {10.1007/s12045-019-0760-1}
}