
@INPROCEEDINGS{5333075,
  author={Chen, Dong and Lu, Xiaoying and Wang, Zhigong and Pan, Haixian},
  booktitle={2009 Annual International Conference of the IEEE Engineering in Medicine and Biology Society}, 
  title={Curve fitting of spikes in neural signals}, 
  year={2009},
  volume={},
  number={},
  pages={1537-1540},
  doi={10.1109/IEMBS.2009.5333075}
 }
 
@article{10.2307/2032161,
 ISSN = {00029939, 10886826},
 URL = {http://www.jstor.org/stable/2032161},
 author = {J. Kiefer},
 journal = {Proceedings of the American Mathematical Society},
 number = {3},
 pages = {502--506},
 publisher = {American Mathematical Society},
 title = {Sequential Minimax Search for a Maximum},
 urldate = {2022-09-21},
 volume = {4},
 year = {1953}
}

 @article{stakhov_2014, 
 title={The mathematics of Harmony. proclus’ hypothesis and new view on Euclid’s elements and history of mathematics starting since Euclid}, 
 volume={05}, 
 DOI={10.4236/am.2014.521311}, 
 number={21}, 
 journal={Applied Mathematics}, 
 author={Stakhov, Alexey}, 
 year={2014}, 
 pages={3335–3352}} 

 @INPROCEEDINGS{8709593,  author={Nandy, Saurabh and Das, Sukanta and Pal, Abhisek},  booktitle={2018 8th IEEE India International Conference on Power Electronics (IICPE)},   title={Online Golden Section Method based Loss Minimization Scheme for Direct Torque Controlled Induction Motor Drive},   year={2018},  volume={},  number={},  pages={1-5},  doi={10.1109/IICPE.2018.8709593}}

 @misc{cornish, title={The Lagrange Points}, url{https://map.gsfc.nasa.gov/ContentMedia/lagrange.pdf}, journal={NASA}, publisher={WMAP Education and Outreach}, author={Cornish, Neil}, year={1998}}



